@article{goldblatt2016detecting,
	title={Detecting the boundaries of urban areas in india: A dataset for pixel-based image classification in google earth engine},
	author={Goldblatt, Ran and You, Wei and Hanson, Gordon and Khandelwal, Amit},
	journal={Remote Sensing},
	volume={8},
	number={8},
	pages={634},
	year={2016},
	publisher={Multidisciplinary Digital Publishing Institute}
}

@book{breiman1984classification,
	title={Classification and Regression Trees},
	author={Breiman, L. and Friedman, J. and Stone, C.J. and Olshen, R.A.},
	isbn={9780412048418},
	lccn={83019708},
	series={The Wadsworth and Brooks-Cole statistics-probability series},
	url={https://books.google.co.in/books?id=JwQx-WOmSyQC},
	year={1984},
	publisher={Taylor \& Francis}
}

@article{ndvi1,
	author = {Szabo, Szilard and Gácsi, Zoltán and Bertalan-Balazs, Boglarka},
	year = {2016},
	month = {10},
	pages = {194-202},
	title = {Specific features of NDVI, NDWI and MNDWI as reflected in land cover categories},
	volume = {10},
	journal = {Landscape \& Environment},
	doi = {10.21120/LE/10/3-4/13}
}

@Article{novelspectralindices,
	AUTHOR = {Faridatul, Mst Ilme and Wu, Bo},
	TITLE = {Automatic Classification of Major Urban Land Covers Based on Novel Spectral Indices},
	JOURNAL = {ISPRS International Journal of Geo-Information},
	VOLUME = {7},
	YEAR = {2018},
	NUMBER = {12},
	ARTICLE-NUMBER = {453},
	URL = {https://www.mdpi.com/2220-9964/7/12/453},
	ISSN = {2220-9964},
	DOI = {10.3390/ijgi7120453}
}

@article{ndvi2,
	author = {Erzhu Li and Peijun Du and Alim Samat and Junshi Xia and Meiqin Che},
	title = {An automatic approach for urban land-cover classification from Landsat-8 OLI data},
	journal = {International Journal of Remote Sensing},
	volume = {36},
	number = {24},
	pages = {5983-6007},
	year  = {2015},
	publisher = {Taylor & Francis},
	doi = {10.1080/01431161.2015.1109726}
}

@article{vietnam,
	title={Utilizing publicly available satellite data for urban research: Mapping built-up land cover and land use in Ho Chi Minh City, Vietnam},
	author={Goldblatt, Ran and Deininger, Klaus and Hanson, Gordon},
	journal={Development Engineering},
	volume={3},
	pages={83--99},
	year={2018},
	publisher={Elsevier}
}

@Article{classificationreview,
	AUTHOR = {Phiri, Darius and Morgenroth, Justin},
	TITLE = {Developments in Landsat Land Cover Classification Methods: A Review},
	JOURNAL = {Remote Sensing},
	VOLUME = {9},
	YEAR = {2017},
	NUMBER = {9},
	ARTICLE-NUMBER = {967},
	URL = {https://www.mdpi.com/2072-4292/9/9/967},
	ISSN = {2072-4292},
	DOI = {10.3390/rs9090967}
}

@book{urbanexpansion,
	title={Atlas of urban expansion},
	author={Angel, Shlomo and Blei, Alejandro M and Civco, Daniel L and Parent, Jason},
	year={2012},
	publisher={Lincoln Institute of Land Policy Cambridge, MA}
}

@article{urbanisationcensus,
	title={Understanding urbanization: A study of census and satellite-derived urban classes in the United States, 1990-2010},
	author={Balk, Deborah and Leyk, Stefan and Jones, Bryan and Montgomery, Mark R and Clark, Anastasia},
	journal={PloS one},
	volume={13},
	number={12},
	pages={e0208487},
	year={2018},
	publisher={Public Library of Science}
}

@article{goldblattnighttime,
	title={Using Landsat and nighttime lights for supervised pixel-based image classification of urban land cover},
	author={Goldblatt, Ran and Stuhlmacher, Michelle F and Tellman, Beth and Clinton, Nicholas and Hanson, Gordon and Georgescu, Matei and Wang, Chuyuan and Serrano-Candela, Fidel and Khandelwal, Amit K and Cheng, Wan-Hwa and others},
	journal={Remote sensing of environment},
	volume={205},
	pages={253--275},
	year={2018},
	publisher={Elsevier}
}

@article{ndvindbiheatisland,
	author = {Macarof, Paul and Statescu, Florian},
	year = {2017},
	month = {10},
	pages = {},
	title = {Comparasion of NDBI and NDVI as Indicators of Surface Urban Heat Island Effect in Landsat 8 Imagery: A Case Study of Iasi},
	volume = {11},
	journal = {Present Environment and Sustainable Development},
	doi = {10.1515/pesd-2017-0032}
}

@article{ndbiurbanisation,
	author = {Y.Zha  and J.Gao  and  S.Ni},
	title = {Use of normalized difference built-up index in automatically mapping urban areas from TM imagery},
	journal = {International Journal of Remote Sensing},
	volume = {24},
	number = {3},
	pages = {583-594},
	year  = {2003},
	publisher = {Taylor & Francis},
	doi = {10.1080/01431160304987}
}

@misc{LS8,
	title = {USGS Landsat 8 Collection 1 Tier 1 TOA Reflectance},
	howpublished = "\url{https://developers.google.com/earth-engine/datasets/catalog/LANDSAT_LC08_C01_T1_TOA}",
}

@misc{DATASETGOLDBLATT,
	title = {Goldblatt et al. 20K dataset for image classification of built up areas in India},
	howpublished = "\url{https://fusiontables.google.com/DataSource?docid=1fWY4IyYiV-BA5HsAKi2V9LdoQgsbFtKK2BoQiHb0#rows:id=1}",
}

@misc{RPM,
	title = {Rodrigo E. Principe Cloud Masking Module},
	howpublished = "\url{https://github.com/fitoprincipe/geetools-code-editor/wiki/Cloud-Masks}",
}
